@article{huhns2002robust,
  title={Robust software},
  author={Huhns, Michael N and Holderfield, Vance T},
  journal={IEEE Internet Computing},
  volume={6},
  number={2},
  pages={80},
  year={2002}
}

@article{hagen2007architectural,
  title={An Architectural Process for Achieving Robustness},
  author={Hagen, Tor-Erik},
  year={2007},
  publisher={Institutt for datateknikk og informasjonsvitenskap}
}

@misc{simian1,
  title = {Simian - Similarity Analyser},
  note = "\url{http://www.harukizaemon.com/simian/index.html}"
}

@misc{simian2,
  title = {Simian - Similarity Analyzer, v2.3.35 API Specification},
  note = "\url{http://www.harukizaemon.com/simian/javadoc/index.html}"
}

@misc{rabinkarp,
  title={Rabin–Karp algorithm},
  note = "\url{https://en.wikipedia.org/wiki/Rabin–Karp_algorithm}"
}

@misc{javagit,
  title = {JavaGit},
  note = "\url{http://javagit.sourceforge.net}"
}

@misc{checkstyle,
  title = {Checkstyle},
  note = "\url{http://checkstyle.sourceforge.net}"
}
